
@book{market,
  title={Options, futures, and other derivative securities},
  author={Hull, John},
  volume={7},
  year={1993},
  publisher={Prentice Hall Englewood Cliffs, NJ}
}

@article{core,
  title={Dynamics of market making algorithms in dealer markets: Learning and tacit collusion},
  author={Cont, Rama and Xiong, Wei},
  journal={Mathematical Finance},
  year={2022},
  publisher={Wiley Online Library}
}

@inproceedings{deterministic,
  title={Interactions of market making algorithms: a study on perceived collusion},
  author={Xiong, Wei and Cont, Rama},
  booktitle={Proceedings of the Second ACM International Conference on AI in Finance},
  pages={1--9},
  year={2021}
}

@article{sabate2022case,
  title={The case for variable fees in constant product markets: An agent based simulation},
  author={Sabate-Vidales, Marc and Siska, David},
  journal={Available at SSRN 4065088},
  year={2022}
}

@article{dolev1986reaching,
  title={Reaching approximate agreement in the presence of faults},
  author={Dolev, Danny and Lynch, Nancy A and Pinter, Shlomit S and Stark, Eugene W and Weihl, William E},
  journal={Journal of the ACM (JACM)},
  volume={33},
  number={3},
  pages={499--516},
  year={1986},
  publisher={ACM New York, NY, USA}
}

@article{grossman1988liquidity,
  title={Liquidity and market structure},
  author={Grossman, Sanford J and Miller, Merton H},
  journal={the Journal of Finance},
  volume={43},
  number={3},
  pages={617--633},
  year={1988},
  publisher={Wiley Online Library}
}

@article{muranaga1997measurement,
  title={Measurement of liquidity risk in the context of market risk calculation},
  author={Muranaga, Jun and Ohsawa, Makoto},
  journal={a BIS volume entitled The Measurement of Aggregate Market Risk},
  year={1997}
}

@inproceedings{DQN,
  title={A theoretical analysis of deep Q-learning},
  author={Fan, Jianqing and Wang, Zhaoran and Xie, Yuchen and Yang, Zhuoran},
  booktitle={Learning for dynamics and control},
  pages={486--489},
  year={2020},
  organization={PMLR}
}

@article{AC,
  title={Actor-critic algorithms},
  author={Konda, Vijay and Tsitsiklis, John},
  journal={Advances in neural information processing systems},
  volume={12},
  year={1999}
}

@book{SC,
  title={Introduction to stochastic control theory},
  author={{\AA}str{\"o}m, Karl J},
  year={2012},
  publisher={Courier Corporation}
}

@article{RM,
  title={Convergence and robustness of the Robbins-Monro algorithm truncated at randomly varying bounds},
  author={Chen, Han-Fu and Guo, Lei and Gao, Ai-Jun},
  journal={Stochastic Processes and their Applications},
  volume={27},
  pages={217--231},
  year={1987},
  publisher={Elsevier}
}